<record><leader>00000nas a2200000 i 4500</leader><controlfield tag="001">881291422</controlfield><controlfield tag="006">m     o  d        </controlfield><controlfield tag="007">cr |||||||||||</controlfield><controlfield tag="008">140611d183u1839pauwr neo     0   a0ger  </controlfield><datafield ind1=" " ind2=" " tag="010"><subfield code="a">  2014218455</subfield></datafield><datafield ind1=" " ind2=" " tag="040"><subfield code="a">DLC</subfield><subfield code="b">eng</subfield><subfield code="e">rda</subfield><subfield code="c">DLC</subfield></datafield><datafield ind1="0" ind2=" " tag="022"><subfield code="a">2373-4957</subfield><subfield code="2">1</subfield></datafield><datafield ind1=" " ind2=" " tag="042"><subfield code="a">pcc</subfield><subfield code="a">nsdp</subfield></datafield><datafield ind1=" " ind2=" " tag="043"><subfield code="a">n-us-pa</subfield></datafield><datafield ind1="1" ind2="0" tag="050"><subfield code="a">ISSN RECORD</subfield></datafield><datafield ind1="0" ind2="0" tag="082"><subfield code="a">071</subfield><subfield code="2">23</subfield></datafield><datafield ind1="0" ind2=" " tag="130"><subfield code="a">Lecha Patriot und Northampton Caunty wo&#776;chentlicher Anzeiger (Online)</subfield></datafield><datafield ind1=" " ind2="4" tag="222"><subfield code="a">Der Lecha Patriot und Northampton Caunty wo&#776;chentlicher Anzeiger</subfield><subfield code="b">(Online)</subfield></datafield><datafield ind1="1" ind2="4" tag="245"><subfield code="a">Der Lecha Patriot und Northampton Caunty wo&#776;chentlicher Anzeiger.</subfield></datafield><datafield ind1=" " ind2="1" tag="264"><subfield code="a">Allentaun, Pa. :</subfield><subfield code="b">G. Adolph Sage</subfield></datafield><datafield ind1=" " ind2=" " tag="300"><subfield code="a">1 online resource</subfield></datafield><datafield ind1=" " ind2=" " tag="310"><subfield code="a">Weekly</subfield></datafield><datafield ind1=" " ind2=" " tag="336"><subfield code="a">text</subfield><subfield code="b">txt</subfield><subfield code="2">rdacontent</subfield></datafield><datafield ind1=" " ind2=" " tag="337"><subfield code="a">computer</subfield><subfield code="b">c</subfield><subfield code="2">rdamedia</subfield></datafield><datafield ind1=" " ind2=" " tag="338"><subfield code="a">online resource</subfield><subfield code="b">cr</subfield><subfield code="2">rdacarrier</subfield></datafield><datafield ind1="1" ind2=" " tag="362"><subfield code="a">Ceased with jahrgang 11, no. 45 (16ten Januar 1839).</subfield></datafield><datafield ind1=" " ind2=" " tag="588"><subfield code="a">Description based on: Jahrgang 11, no. 33 (17ten October 1838); title from masthead (Chroniclingamerica.loc.gov, viewed June 11, 2014).</subfield></datafield><datafield ind1=" " ind2=" " tag="588"><subfield code="a">Latest issue consulted: Jahrgang 11, no. 45 (16ten Januar 1839) (Chroniclingamerica.loc.gov, viewed June 11, 2014).</subfield></datafield><datafield ind1=" " ind2="0" tag="651"><subfield code="a">Allentown (Pa.)</subfield><subfield code="v">Newspapers.</subfield></datafield><datafield ind1=" " ind2="7" tag="651"><subfield code="a">Pennsylvania</subfield><subfield code="z">Allentown.</subfield><subfield code="2">fast</subfield><subfield code="0">(OCoLC)fst01206509</subfield></datafield><datafield ind1=" " ind2="7" tag="655"><subfield code="a">Newspapers.</subfield><subfield code="2">fast</subfield><subfield code="0">(OCoLC)fst01423814</subfield></datafield><datafield ind1=" " ind2=" " tag="752"><subfield code="a">United States</subfield><subfield code="b">Pennsylvania</subfield><subfield code="c">Lehigh</subfield><subfield code="d">Allentown.</subfield></datafield><datafield ind1="0" ind2="8" tag="776"><subfield code="i">Originally issued in print:</subfield><subfield code="t">Lecha Patriot und Northampton Caunty wo&#776;chentlicher Anzeiger</subfield><subfield code="x">2373-4949</subfield><subfield code="w">(DLC)sn 86071312</subfield><subfield code="w">(OCoLC)13389539</subfield></datafield><datafield ind1="0" ind2="0" tag="780"><subfield code="t">Lecha Patriot und Northampton Caunty Jeffersonianer und Telegraph (Online)</subfield></datafield><datafield ind1="0" ind2="7" tag="785"><subfield code="t">Northampton Democrat (Easton, Pa. : 1834 : Online)</subfield></datafield><datafield ind1="0" ind2="7" tag="785"><subfield code="t">Lecha Patriot und Northampton Demokrat (Online)</subfield></datafield><datafield ind1="4" ind2="0" tag="856"><subfield code="u">http://www.loc.gov/chroniclingamerica/lccn/sn86071312/issues</subfield></datafield></record>